%! Author = Carl
%! Date = 2024/3/21

