%! Author = Carl0
%! Date = 2024/6/23

