%! Author = Carl
%! Date = 2024/4/27

