%! Author = Carl0
%! Date = 2024/3/26

