%! Author = Carl
%! Date = 2024/6/10

