%! Author = Carl0
%! Date = 2024/5/28

